@article{erigen_1963,
doi	= {10.1016/0020-7225(63)90004-1},
title	= {On the propagation of waves in an electromagnetic elastic solid},
author	= {J.W. Dunkin; A.C. Eringen},
publisher	= {Elsevier Science},
journal	= {International Journal of Engineering Science},
issnp	= {0020-7225},
year	= {1963},
volume	= {1},
issue	= {4},
page	= {461--495},
url =       {http://gen.lib.rus.ec/scimag/index.php?s=10.1016/0020-7225(63)90004-1},
}

@article{Ursin-1983,
doi	= {10.1190/1.1441529},
title	= {Review of elastic and electromagnetic wave propagation in horizontally layered media},
author	= {Ursin, Bj√∏rn},
publisher	= {Society of Exploration Geophysicists},
journal	= {The Leading Edge},
issnp	= {0016-8033},
year	= {1983},
month	= {08},
volume	= {48},
issue	= {8},
page	= {1063--1081},
url =       {http://gen.lib.rus.ec/scimag/index.php?s=10.1190/1.1441529},
}

@book{jackson_classical_1999,
  added-at = {2009-07-03T16:37:22.000+0200},
  address = {New York, {NY}},
  author = {Jackson, John David},
  biburl = {http://www.bibsonomy.org/bibtex/2baac05176a92886bbe1eae5ee72cf234/cernlibrary},
  edition = {3rd ed.},
  interhash = {05096e24942ceab2a2e9f0d35a45183a},
  intrahash = {baac05176a92886bbe1eae5ee72cf234},
  isbn = {9780471309321},
  keywords = {Fields Maxwell SummerStudentReadList09 book collisions electromagnetic electrostatic equations magnetostatics particle physics radiation relativity special waves},
  lccn = {538.3537.8},
  publisher = {Wiley},
  timestamp = {2009-07-24T15:58:21.000+0200},
  title = {Classical electrodynamics},
  url = {http://cdsweb.cern.ch/record/490457},
  year = 1999
}

@Article{sommerfeld_52,
author = {A. Sommerfeld},
title = {Electrodynamics},
journal = {Academic Press},
year = {1952}
}
