@article{eringen_1963,
title	= {On the propagation of waves in an electromagnetic elastic solid},
author	= {J.W. Dunkin e A.C. Eringen},
publisher	= {Elsevier Science},
journal	= {International Journal of Engineering Science},
issnp	= {0020-7225},
year	= {1963},
volume	= {1},
issue	= {4},
page	= {461--495}
}



@book{jackson_classical_1999,
  author = {J. D. Jackson},
  title = {Classical electrodynamics},
  edition = {3rd ed.},
  publisher = {Wiley},
  year = {1999}
}

@Article{sommerfeld_52,
author = {A. Sommerfeld},
title = {Electrodynamics},
journal = {Academic Press},
year = {1952}
}

@Book{griffiths,
author = {D. J. Griffiths},
title = {Introduction to Electrodynamics},
publisher = {Prentice-Hall},
year = {1999},
OPTedition = {3rd ed.}
}

@book{slawinski,
   title =     {Waves And rays in elastic continua},
   author =    {M. A. Slawinski},
   publisher = {World Scientific Publishing Company},
   isbn =      {9789814289009,9814289000},
   year =      {2007},
   edition =   {2}
}

@Book{dahlem,
author = {F. A. Dahlem e J. Tromp},
title = {Theoretical Global Seismology},
publisher = {Princeton University Press},
year = {1998}
}

@Book{liu,
author = {I. S. Liu},
title = {Continuum Mechanics},
publisher = {Spring-Verlag},
year = {2002},
address = {Berlim-Heidelberg}
}

@Article{Mikhailenko_1997,
author = {B. G. Mikhailenko e O. N. Soboleva},
title = {Mathematical Modeling of Seismomagnetic
Efects Arising in the
Seismic Wave Motion in the
Earth's Constant Magnetic Field},
journal = {Applied Mathematics Lettures},
year = {1997},
volume = {10},
number = {3},
pages = {47-51}
}

@Article{Anisimov_1985,
author = {S.V. Anisimov, M.B. Gokhberg, E.A. Ivanov, M.V. Pedanov, N.N.Rusakov, V.A. Troizhkya e V.E. Goncharov},
title = {Short period oscillations of electromagnetic field of the Earth after explosion},
journal = {Dokl. Acad. Nauka},
year = {1985},
volume = {281},
number = {3},
pages = {556-559}
}

@Book{Eringen_1962,
author = {A. C. Eringen},
title = {Nonlinear Theory of Continuous Media},
publisher = {McGraw-Hill New York},
year = {1962}
}

@Article{Sadovsky_1980,
author = {M.A. Sadovsky},
title = {Electro Magnetic Precursors of Earthquakes},
journal = {Dokl. Acad. Nauka},
year = {1980}
}

@Article{knopoff_1955,
author = {E. L. Knopoff},
title = {The Interaction between Elastic Waves Motions and Magnetic Field in Electrical Conductors},
journal = {J. Geophys. Res.},
year = {1955},
volume = {60},
number = {4},
pages = {617-629},
OPTmonth = {•},
OPTnote = {•},
OPTannote = {•}
}

@Article{surkov_97,
author = {V. V. Surkov e V. A. Pilipenko},
title = {Magnetic Effects Due to Earthquakes and Underground Explosions: a Review},
journal = {Annali di Geofisica},
year = {1997},
volume = {XL},
number = {2},
pages = {227-239},
OPTmonth = {•},
OPTnote = {•},
OPTannote = {•}
}

@Article{stacey_64,
author = {F. D. Stacey},
title = {Seismo-Magnetic Effect},
journal = {Pure Applied Geophysics},
year = {1964},
volume = {58},
number = {11},
pages = {5-23},
OPTmonth = {•},
OPTnote = {•},
OPTannote = {•}
}

@Article{surkov_89a,
author = {V. V. Surkov},
title = {Local changes in Geomagnetics and Geoeletrics Fields under Rocks Deformation near the Earth Surface},
journal = {Izv. Akad. Nauk SSSR, Fizika Zemli},
year = {1989a},
volume = {5},
pages = {91-96},
OPTmonth = {•},
OPTnote = {•},
OPTannote = {•}
}

@Article{yerzhanov_85,
author = {L. S. Yerzhanov, A. K. Kurskeev, T. E. Nasynbaev e A. V. Bushuev},
title = {Geomagnetics Observations during the MASSA Experiments},
journal = {Izv. Akad. Nauk SSSR, Fizika Zemli},
year = {1985},
volume = {11},
pages = {80-82},
OPTmonth = {•},
OPTnote = {•},
OPTannote = {•}
}

@Article{guglielmi_86a,
author = {A. V. Guglielmi},
title = {Magnetoelastic Waves},
journal = {Izv. Akad. Nauk SSSR, Fizika Zemli},
year = {1986a},
volume = {7},
number = {112},
pages = {•},
OPTmonth = {•},
OPTnote = {•},
OPTannote = {•}
}

@Article{guglielmi_86b,
author = {A. V. Guglielmi},
title = {Excitation of Oscillations of the Electromagnetic Field by Elastic Waves in the Conducting Body},
journal = {Geomagn. Aeron.},
year = {1986b},
volume = {27},
number = {3},
pages = {467-470},
OPTmonth = {•},
OPTnote = {•},
OPTannote = {•}
}

@Article{surkov_89b,
author = {V. V. Surkov},
title = {Distortion of External Magnetic Field by a Longitudinal Acoustic Wave},
journal = {Magnetic Hydro-Dynamics},
year = {1989b},
volume = {2},
pages = {9-12},
OPTmonth = {•},
OPTnote = {•},
OPTannote = {•}
}

@Article{Cukavac_2008,
author = {M. S. Cukavac},
title = {Seismomagnetic Insvestigations in Kopaonik Area},
journal = {MGB},
year = {2008},
OPTvolume = {•},
OPTpages = {•},
OPTmonth = {•},
OPTnote = {•},
OPTannote = {•}
}

@Article{Rikitake_80,
author = {T. Rikitake, Y. Honkura, H. Tanaka, N. Ohshiman, Y. Sasai, Y. Ishikawa, S. Koyama, M.
Kawamura e K. Ohchi},
title = {Changes in the geomagnetic field associated with earthquakes in
the Izu Peninsula, Japan},
journal = {J. Geomag. Geoelectr.},
year = {1980},
volume = {32},
pages = {721-739},
OPTmonth = {•},
OPTnote = {•},
OPTannote = {•}
}

@article{eringen_1963,
title	= {On the propagation of waves in an electromagnetic elastic solid},
author	= {J.W. Dunkin and A.C. Eringen},
publisher	= {Elsevier Science},
journal	= {International Journal of Engineering Science},
issnp	= {0020-7225},
year	= {1963},
volume	= {1},
issue	= {4},
page	= {461-495},
}

@article{Ursin-1983,
title	= {Review of elastic and electromagnetic wave propagation in horizontally layered media},
author	= {B. Ursin},
publisher	= {Society of Exploration Geophysicists},
journal	= {The Leading Edge},
issnp	= {0016-8033},
year	= {1983},
month	= {08},
volume	= {48},
issue	= {8},
page	= {1063-1081},
}


@Article{White_Zhou_2006,
author = {B.S. White and M. Zhou},
title = {Eletroseismic Prospecting in Layered Media},
journal = {Society for Industrial and Applied Mathematics},
year = {2006},
volume = {67},
number = {1},
pages = {69-98}
}

@PhdThesis{Azeredo_2013,
author = {M. M. Azeredo},
title = {Modelagem Matem\'atica e Computacional da Propaga\c{c}\~ao de Ondas S\'ismicas em Meios Poroel\'asticos Estratificados},
school = {Universidade Estadual do Norte Fluminense},
year = {2013}
}

@Book{lang_1986,
author = {S. Lang},
title = {Introduction to Linear Algebra},
publisher = {Springer},
year = {1986},
OPTkey = {•},
OPTvolume = {•},
OPTnumber = {•},
OPTseries = {Undergraduate Texts
in Mathematics},
OPTaddress = {•},
OPTedition = {2^{a} edi\c{c}\~ao},
OPTmonth = {•},
OPTnote = {•},
OPTannote = {•}
}

@Article{pride_94,
author = {S. Pride},
title = {Governing Equations for the Coupled Electromagnetics and Acustics of Porous Media},
journal = {Physical Review B},
year = {1994},
OPTkey = {•},
OPTvolume = {50},
OPTnumber = {21},
OPTpages = {•},
OPTmonth = {•},
OPTnote = {•},
OPTannote = {•}
}

@Book{miranda_2016,
author = {M. R. S. T. Miranda},
title = {M\'etodo Matricial em Modelagem Poroel\'astica: Modelo de Biot-JKD},
publisher = {UENF},
year = {2016}
}

@Book{griffiths,
author = {D. J. Griffiths},
title = {Introduction to Electrodynamics},
publisher = {Prentice-Hall},
year = {1999},
OPTedition = {3rd ed.}
}

@Book{chew,
author = {W. C. Chew},
title = {Waves and Fields in Inhomogeneous Media},
publisher = {IEEE PRESS},
year = {1995}
}

@Article{weyl_19,
author = {H. Weyl},
title = {Ausbreitung Elektromagnetischen Wellen ueber einem ebenen Leiter},
journal = {Annalen der Physik},
year = {1919},
OPTvolume = {60},
OPTpages = {481-500},
OPTmonth = {•},
OPTnote = {•},
OPTannote = {•}
}

@Book{butkov_88,
author = {E. Butkov},
title = {F\'isica Matem\'atica},
publisher = {LTC},
year = {1988}
}

@Book{farlow_93,
author = {S. J. Farlow},
title = {Partial Differential Equations for Scientists and Engineers},
publisher = {Dover},
year = {1993}
}

@Book{oliveira_2018,
author = {I. B. Oliveira},
title = {Modelagem de Propaga\c{c}\~ao das Ondas El\'asticas em Meios Porosos 1D: Modelo de Biot vs. Biot-JKD},
publisher = {UENF},
year = {2018}
}

@Book{lebedev_2003,
author = {L. P. Lebedev and M. J. Cloud},
title = {Tensor Analysis},
publisher = {World Scientific Publishing},
year = {2003}
}
%acho q esse abaixo nao esta sendo citado
@Article{knopoff_55,
author = {E. L. Knopoff},
title = {The Interaction between Elastic Waves Motions and Magnetic Field in Electrical Conductors},
journal = {J. Geophys. Res.},
year = {1955},
volume = {60},
number = {4},
pages = {617-629},
OPTmonth = {•},
OPTnote = {•},
OPTannote = {•}
}

@Book{pinho_2018,
author = {D. C. Pinho},
title = {Fundamentos de Magneto-Elasticidade},
publisher = {UENF},
year = {2018}
}

@Article{mikhailenko_97,
author = {B. G. Mikhailenko and O. N. Soboleva},
title = {Mathematical Modeling of Seismomagnetic
Efects Arising in the
Seismic Wave Motion in the
Earth's Constant Magnetic Field},
journal = {Appl. Math. Lett.},
year = {1997},
volume = {10},
number = {3},
pages = {47-51}
}

@Article{Novacki_83,
author = {W. Novacki},
title = {Electromagnetic Efects in Solid Bodies},
journal = {In Panstwowe Wydawnictwo Naukowe},
year = {1983},
volume = {10},
}

@Article{Mikhailenko_89,
author = {A.G. Fatianov and B.G. Mikhailenko},
title = {Numerically-analytical method for calculation of theoretical seismograms in layered-inhomogeneous anelastic media},
journal = {In Proceedings of the 7 th International Mathematical Geophysics Seminar held at the Free University of Berlin},
year = {1989},
}

@article{baruch_2013,
doi	= {10.1080/10652469.2012.691097},
title	= {The classical Hankel Transform in the Kirillov Model of Discrete Series},
author	= {E. M. Baruch},
journal	= {Integral Transforms and Special Functions},
year	= {2013},
volume	= {24},
issue	= {5},
page	= {339-356},
}

@Book{dobrin_88,
author = {M. B. Dobrin e C. H. Savit},
title = {Introduction to Geophysical Prospecting},
publisher = {McGraw-Hill},
year = {1988},
OPTkey = {•},
OPTvolume = {•},
OPTnumber = {•},
OPTseries = {•},
OPTaddress = {•},
OPTedition = {•},
OPTmonth = {•},
OPTnote = {•},
OPTannote = {•}
}

@Book{bueno_2015,
author = {A. D. Bueno},
title = {Programa\c{c}\~ao Orientada a Objeto com C++},
publisher = {Novatec},
year = {2015},
OPTkey = {•},
OPTvolume = {•},
OPTnumber = {•},
OPTseries = {•},
OPTaddress = {•},
OPTedition = {•},
OPTmonth = {•},
OPTnote = {•},
OPTannote = {•}
}