@article{eringen_1963,
doi	= {10.1016/0020-7225(63)90004-1},
title	= {On the propagation of waves in an electromagnetic elastic solid},
author	= {J.W. Dunkin and A.C. Eringen},
publisher	= {Elsevier Science},
journal	= {International Journal of Engineering Science},
issnp	= {0020-7225},
year	= {1963},
volume	= {1},
issue	= {4},
page	= {461--495},
url =       {http://gen.lib.rus.ec/scimag/index.php?s=10.1016/0020-7225(63)90004-1},
}

@article{Ursin-1983,
doi	= {10.1190/1.1441529},
title	= {Review of elastic and electromagnetic wave propagation in horizontally layered media},
author	= {B. Ursin},
publisher	= {Society of Exploration Geophysicists},
journal	= {The Leading Edge},
issnp	= {0016-8033},
year	= {1983},
month	= {08},
volume	= {48},
issue	= {8},
page	= {1063--1081},
url =       {http://gen.lib.rus.ec/scimag/index.php?s=10.1190/1.1441529},
}


@Article{White_Zhou_2006,
author = {B.S. White and M. Zhou},
title = {Eletroseismic Prospecting in Layered Media},
journal = {Society for Industrial and Applied Mathematics},
year = {2006},
volume = {67},
number = {1},
pages = {69-98}
}

@Book{Azeredo_2013,
author = {M. M. Azeredo},
title = {Modelagem Matem\'atica e Computacional da Propaga\c{c}\~ao de Ondas S\'ismicas em Meios Poroel\'asticos Estratificados},
publisher = {UENF},
year = {2013}
}

@Book{lang_1986,
ALTauthor = {S. Lang},
ALTeditor = {Springer},
title = {Introduction to Linear Algebra},
publisher = {•},
year = {1986},
OPTkey = {•},
OPTvolume = {•},
OPTnumber = {•},
OPTseries = {Undergraduate Texts
in Mathematics},
OPTaddress = {•},
OPTedition = {2^{a} edi\c{c}\~ao},
OPTmonth = {•},
OPTnote = {•},
OPTannote = {•}
}
